@article{Stankovic:2005,
	author = {Stankovic, J.A. and Lee, I. and Mok, A. and Rajkumar, R.},
	journal = {Computer},
	title = {Opportunities and obligations for physical computing systems},
	year = {2005},
	month = {November},
	volume = {38},
	number = {11},
	pages = {23--31},
}


