@article{candes:2008,
	author	= {Candes, E.J. and Wakin, M.B.}, 
	title	= {An Introduction To Compressive Sampling}, 
	journal	= {Signal Processing Magazine, IEEE},
	month	= mar, 
	year	= 2008, 
	volume	= {25}, 
	number	= {2}, 
	pages	= {21--30}, 
}


@article{needell:2010,
	author 	= {Needell, Deanna and Tropp, Joel A.},
	title 	= {{CoSaMP}: iterative signal recovery from incomplete and inaccurate samples},
	journal = {Commun. ACM},
	volume 	= {53},
	number 	= {12},
	month 	= dec,
	year 	= 2010,
	pages 	= {93--100},
} 

@misc{ricecs,
        author          = {Rice University},
        title           = {DSP: Model-based Compressive Sensing Toolbox v1.1},
        howpublished    = {[Online]. 
\url{http://dsp.rice.edu/software/model-based-compressive-sensing-toolbox}},
}

@book{bookmahout,
		author = {S. Owen and R. Anil and T. Dunning and E. Friedman},
		title = {Mahout In Action},
		publisher = {Manning Publications},
		year = 2012,
}

@misc{Mahout,
        title           = {Mahout},
        howpublished    = {[Online]. 
\url{http://mahout.apache.org}},
}

@misc{Hadoop,
        title           = {Hadoop},
        howpublished    = {[Online]. 
\url{http://hadoop.apache.org}},
}

